@inproceedings{seroussi2009deinterleaving,
  title={Deinterleaving Markov processes via penalized ML},
  author={Seroussi, Gadiel and Szpankowski, Wojciech and Weinberger, Marcelo J},
  booktitle={Information Theory, 2009. ISIT 2009. IEEE International Symposium on},
  pages={1739--1743},
  year={2009},
  organization={IEEE}
}

@article{seroussi2012deinterleaving,
  title={Deinterleaving Finite Memory Processes via Penalized Maximum Likelihood},
  author={Seroussi, Gadiel and Szpankowski, Wojciech and Weinberger, Marcelo J},
  journal={IEEE Transactions on Information Theory},
  volume={58},
  number={12},
  pages={7094--7109},
  year={2012},
  publisher={IEEE}
}

@inproceedings{batu2004inferring,
  title={Inferring mixtures of markov chains},
  author={Batu, Tugkan and Guha, Sudipto and Kannan, Sampath},
  booktitle={COLT},
  volume={2004},
  pages={186--199},
  year={2004},
  organization={Springer}
}

@inproceedings{minot2014separation,
  title={Separation of interleaved Markov chains},
  author={Minot, Ariana and Lu, Yue M},
  booktitle={Signals, Systems and Computers, 2014 48th Asilomar Conference on},
  pages={1757--1761},
  year={2014},
  organization={IEEE}
}

@inproceedings{landwehr2008modeling,
  title={Modeling interleaved hidden processes},
  author={Landwehr, Niels},
  booktitle={Proceedings of the 25th international conference on Machine learning},
  pages={520--527},
  year={2008},
  organization={ACM}
}

@article{burge1998finding,
  title={Finding the genes in genomic DNA},
  author={Burge, Christopher B and Karlin, Samuel},
  journal={Current opinion in structural biology},
  volume={8},
  number={3},
  pages={346--354},
  year={1998},
  publisher={Elsevier}
}

@article{burge1997prediction,
  title={Prediction of complete gene structures in human genomic DNA},
  author={Burge, Chris and Karlin, Samuel},
  journal={Journal of molecular biology},
  volume={268},
  number={1},
  pages={78--94},
  year={1997},
  publisher={Elsevier}
}

@article{gao2013empirical,
  title={An empirical reexamination of global DNS behavior},
  author={Gao, Hongyu and Yegneswaran, Vinod and Chen, Yan and Porras, Phillip and Ghosh, Shalini and Jiang, Jian and Duan, Haixin},
  journal={ACM SIGCOMM Computer Communication Review},
  volume={43},
  number={4},
  pages={267--278},
  year={2013},
  publisher={ACM}
}

@article{chung2014empirical,
  title={Empirical evaluation of gated recurrent neural networks on sequence modeling},
  author={Chung, Junyoung and Gulcehre, Caglar and Cho, KyungHyun and Bengio, Yoshua},
  journal={arXiv preprint arXiv:1412.3555},
  year={2014}
}


@article{Hochreiter,
 author = {Hochreiter, S. and Schmidhuber, J.},
 title = {Long Short-Term Memory},
 journal = {Neural Comput.},
 issue_date = {November 15, 1997},
 volume = {9},
 number = {8},
 month = nov,
 year = {1997},
 issn = {0899-7667},
 pages = {1735--1780},
 numpages = {46},
 url = {http://dx.doi.org/10.1162/neco.1997.9.8.1735},
 doi = {10.1162/neco.1997.9.8.1735},
 acmid = {1246450},
 publisher = {MIT Press},
 address = {Cambridge, MA, USA},
}


@article{bahdanau2014neural,
  title={Neural machine translation by jointly learning to align and translate},
  author={Bahdanau, Dzmitry and Cho, Kyunghyun and Bengio, Yoshua},
  journal={arXiv preprint arXiv:1409.0473},
  year={2014}
}

@incollection{NIPS2008_3449,
title = {Offline Handwriting Recognition with Multidimensional Recurrent Neural Networks},
author = {Graves, A. and Schmidhuber, J.},
booktitle = {NIPS},
pages = {545--552},
year = {2009},
url = {http://papers.nips.cc/paper/3449-offline-handwriting-recognition-with-multidimensional-recurrent-neural-networks.pdf}
}

@inproceedings{sutskever2014sequence,
  title={Sequence to sequence learning with neural networks},
  author={Sutskever, I. and Vinyals, O. and Le, Q. V.},
  booktitle={NIPS},
  pages={3104--3112},
  year={2014}
}

@article{lecun2015deep,
  title={Deep learning},
  author={LeCun, Yann and Bengio, Yoshua and Hinton, Geoffrey},
  journal={Nature},
  volume={521},
  number={7553},
  pages={436--444},
  year={2015},
  publisher={Nature Research}
}

@article{kingma2014adam,
  title={Adam: A method for stochastic optimization},
  author={Kingma, Diederik and Ba, Jimmy},
  journal={arXiv preprint arXiv:1412.6980},
  year={2014}
}


@article{symantec,
  title={2017 Internet Security Threat Report},
  author={Symantec},
  year={2017}
}


@article{sophos,
  title={Looking ahead: SophosLabs 2017 malware forecast},
  author={SophosLabs},
  year={2017}
}